@misc{overleaf,
  title={Learn \LaTeX{} in 30 minutes},
  author={Overleaf},
  url={https://www.overleaf.com/learn/latex/Learn_LaTeX_in_30_minutes}
}

@misc{pakin2020comprehensive,
  title={The comprehensive \LaTeX{} symbol list},
  author={Pakin, Scott},
  year={2020},
  url={http://tug.ctan.org/info/symbols/comprehensive/symbols-a4.pdf}
}

@misc{wright2022siunitx,
  title={\texttt{siunitx} -- A comprehensive (SI) units package},
  author={Wright, Joseph},
  year={2022},
  url={https://ctan.org/pkg/siunitx}
}

@misc{lazyloading,
  title={\texttt{JavaScript Lazy Loading} --What It Is and How to Use It },
  author={Kaleev, Niko},
  year={2024},
  url={https://nitropack.io/blog/post/javascript-lazy-loading}
}

@misc{carousel,
  title={\texttt{Intersection Observer API}},
  author={MDN Web Docs},
  year={2024},
  url={https://developer.mozilla.org/en-US/docs/Web/API/Intersection_Observer_API}
}
